@misc{github,
  title = {AHP Coordination},
  howpublished = {github.com/damurashov/AhpCoordination},
  note = {Accessed: 2021-11-11}
}